@article{bryzgalova2020forest,
  title={Forest through the trees: Building cross-sections of stock returns},
  author={Bryzgalova, Svetlana and Pelger, Markus and Zhu, Jason},
  journal={Available at SSRN 3493458},
  year={2020}
}

@article{leippold2022machine,
  title={Machine learning in the Chinese stock market},
  author={Leippold, Markus and Wang, Qian and Zhou, Wenyu},
  journal={Journal of Financial Economics},
  volume={145},
  number={2},
  pages={64--82},
  year={2022},
  publisher={Elsevier}
}

@article{baker2007investor,
  title={Investor sentiment in the stock market},
  author={Baker, Malcolm and Wurgler, Jeffrey},
  journal={Journal of economic perspectives},
  volume={21},
  number={2},
  pages={129--151},
  year={2007},
  publisher={American Economic Association}
}

@article{drobetz2021empirical,
  title={Empirical asset pricing via machine learning: evidence from the European stock market},
  author={Drobetz, Wolfgang and Otto, Tizian},
  journal={Journal of Asset Management},
  volume={22},
  pages={507--538},
  year={2021},
  publisher={Springer}
}

@article{merton1973intertemporal,
  title={An intertemporal capital asset pricing model},
  author={Merton, Robert C},
  journal={Econometrica: Journal of the Econometric Society},
  pages={867--887},
  year={1973},
  publisher={JSTOR}
}

@article{giglio2022factor,
  title={Factor models, machine learning, and asset pricing},
  author={Giglio, Stefano and Kelly, Bryan and Xiu, Dacheng},
  journal={Annual Review of Financial Economics},
  volume={14},
  pages={337--368},
  year={2022},
  publisher={Annual Reviews}
}

@article{baker2006investor,
  title={Investor sentiment and the cross-section of stock returns},
  author={Baker, Malcolm and Wurgler, Jeffrey},
  journal={The journal of Finance},
  volume={61},
  number={4},
  pages={1645--1680},
  year={2006},
  publisher={Wiley Online Library}
}

@article{bagnara2022asset,
  title={Asset Pricing and Machine Learning: A critical review},
  author={Bagnara, Matteo},
  journal={Journal of Economic Surveys},
  year={2022},
  publisher={Wiley Online Library}
}

@article{cochrane2011presidential,
  title={Presidential address: Discount rates},
  author={Cochrane, John H},
  journal={The Journal of finance},
  volume={66},
  number={4},
  pages={1047--1108},
  year={2011},
  publisher={Wiley Online Library}
}

@article{bryzgalova2022missing,
  title={Missing financial data},
  author={Bryzgalova, Svetlana and Lerner, Sven and Lettau, Martin and Pelger, Markus},
  journal={Available at SSRN 4106794},
  year={2022}
}

@article{chen2019deep,
  title="Deep learning in asset pricing",
  author="Chen, Luyang and Pelger, Markus and Zhu, Jason",
  journal="arXiv preprint arXiv:1904.00745",
  year="2019"
}

@article{gu2021autoencoder,
  title={Autoencoder asset pricing models},
  author={Gu, Shihao and Kelly, Bryan and Xiu, Dacheng},
  journal={Journal of Econometrics},
  volume={222},
  number={1},
  pages={429--450},
  year={2021},
  publisher={Elsevier}
}

@inproceedings{he2015delving,
  title={Delving deep into rectifiers: Surpassing human-level performance on imagenet classification},
  author={He, Kaiming and Zhang, Xiangyu and Ren, Shaoqing and Sun, Jian},
  booktitle={Proceedings of the IEEE international conference on computer vision},
  pages={1026--1034},
  year={2015}
}

@techreport{kaniel2022machine,
  title={Machine-learning the skill of mutual fund managers},
  author={Kaniel, Ron and Lin, Zihan and Pelger, Markus and Van Nieuwerburgh, Stijn},
  year={2022},
  institution={National Bureau of Economic Research}
}

@article{kozak2020shrinking,
  title={Shrinking the cross-section},
  author={Kozak, Serhiy and Nagel, Stefan and Santosh, Shrihari},
  journal={Journal of Financial Economics},
  volume={135},
  number={2},
  pages={271--292},
  year={2020},
  publisher={Elsevier}
}

@article{gu2019autoencoder,
  title={Autoencoder asset pricing models},
  author={Gu, Shihao and Kelly, Bryan T and Xiu, Dacheng},
  year={2019},
  publisher={Yale ICF Working Paper}
}

@article{chen2021open,
  title={Open source cross-sectional asset pricing},
  author={Chen, Andrew Y and Zimmermann, Tom},
  journal={Critical Finance Review, Forthcoming},
  year={2021}
}

@article{gu2020empirical,
  title="Empirical asset pricing via machine learning",
  author="Gu, Shihao and Kelly, Bryan and Xiu, Dacheng",
  journal="The Review of Financial Studies",
  volume="33",
  number="5",
  pages="2223--2273",
  year="2020",
  publisher="Oxford University Press"
}

@article{freyberger2020dissecting,
  title={Dissecting characteristics nonparametrically},
  author={Freyberger, Joachim and Neuhierl, Andreas and Weber, Michael},
  journal={The Review of Financial Studies},
  volume={33},
  number={5},
  pages={2326--2377},
  year={2020},
  publisher={Oxford University Press}
}

@article{mccracken2016fred,
  title={FRED-MD: A monthly database for macroeconomic research},
  author={McCracken, Michael W and Ng, Serena},
  journal={Journal of Business \& Economic Statistics},
  volume={34},
  number={4},
  pages={574--589},
  year={2016},
  publisher={Taylor \& Francis}
}

@article{harvey2016and,
  title={… and the cross-section of expected returns},
  author={Harvey, Campbell R and Liu, Yan and Zhu, Heqing},
  journal={The Review of Financial Studies},
  volume={29},
  number={1},
  pages={5--68},
  year={2016},
  publisher={Oxford University Press}
}

@article{cochrane2005financial,
  title={Financial markets and the real economy},
  author={Cochrane, John H and others},
  journal={Foundations and Trends{\textregistered} in Finance},
  volume={1},
  number={1},
  pages={1--101},
  year={2005},
  publisher={Now Publishers, Inc.}
}

@article{welch2008comprehensive,
  title={A comprehensive look at the empirical performance of equity premium prediction},
  author={Welch, Ivo and Goyal, Amit},
  journal={The Review of Financial Studies},
  volume={21},
  number={4},
  pages={1455--1508},
  year={2008},
  publisher={Society for Financial Studies}
}

@article{fama1993common,
  title={Common risk factors in the returns on stocks and bonds},
  author={Fama, Eugene F and French, Kenneth R},
  journal={Journal of financial economics},
  volume={33},
  number={1},
  pages={3--56},
  year={1993},
  publisher={Elsevier}
}

@article{fama2015five,
  title={A five-factor asset pricing model},
  author={Fama, Eugene F and French, Kenneth R},
  journal={Journal of financial economics},
  volume={116},
  number={1},
  pages={1--22},
  year={2015},
  publisher={Elsevier}
}

@article{kelly2019characteristics,
  title={Characteristics are covariances: A unified model of risk and return},
  author={Kelly, Bryan T and Pruitt, Seth and Su, Yinan},
  journal={Journal of Financial Economics},
  volume={134},
  number={3},
  pages={501--524},
  year={2019},
  publisher={Elsevier}
}

@article{fama1996multifactor,
  title={Multifactor explanations of asset pricing anomalies},
  author={Fama, Eugene F and French, Kenneth R},
  journal={The journal of finance},
  volume={51},
  number={1},
  pages={55--84},
  year={1996},
  publisher={Wiley Online Library}
}

@book{goodfellow2016deep,
  title={Deep learning},
  author={Goodfellow, Ian and Bengio, Yoshua and Courville, Aaron},
  year={2016},
  publisher={MIT press}
}

@inproceedings{NIPS2017_8a20a862,
 author = {Lundberg, Scott M and Lee, Su-In},
 booktitle = {Advances in Neural Information Processing Systems},
 editor = {I. Guyon and U. Von Luxburg and S. Bengio and H. Wallach and R. Fergus and S. Vishwanathan and R. Garnett},
 pages = {},
 publisher = {Curran Associates, Inc.},
 title = {A Unified Approach to Interpreting Model Predictions},
 url = {https://proceedings.neurips.cc/paper/2017/file/8a20a8621978632d76c43dfd28b67767-Paper.pdf},
 volume = {30},
 year = {2017}
}

@article{sharpe1964capital,
  title={Capital asset prices: A theory of market equilibrium under conditions of risk},
  author={Sharpe, William F},
  journal={The journal of finance},
  volume={19},
  number={3},
  pages={425--442},
  year={1964},
  publisher={Wiley Online Library}
}


%%%%%%%%%%%%%%%%%%%%%%%%%%%%%%%%%%%%%%%%%%%%
%%%%%%%%%%%%%%%%%%%%%%%%%%%%%%%%%%%%%%%%%%%%%%%%%%%
%%%%%%%%%%%%%%%%%   appendix citation  %%%%%%%%%%%%

@article{bhandari1988debt,
  title={Debt/equity ratio and expected common stock returns: Empirical evidence},
  author={Bhandari, Laxmi Chand},
  journal={The journal of finance},
  volume={43},
  number={2},
  pages={507--528},
  year={1988},
  publisher={Wiley Online Library}
}

@article{sloan1996stock,
  title={Do stock prices fully reflect information in accruals and cash flows about future earnings?},
  author={Sloan, Richard G},
  journal={Accounting review},
  pages={289--315},
  year={1996},
  publisher={JSTOR}
}

@article{gandhi2015size,
  title={Size anomalies in US bank stock returns},
  author={Gandhi, Priyank and Lustig, Hanno},
  journal={The Journal of Finance},
  volume={70},
  number={2},
  pages={733--768},
  year={2015},
  publisher={Wiley Online Library}
}

@article{fama1992cross,
  title={The cross-section of expected stock returns},
  author={Fama, Eugene F and French, Kenneth R},
  journal={the Journal of Finance},
  volume={47},
  number={2},
  pages={427--465},
  year={1992},
  publisher={Wiley Online Library}
}

@article{palazzo2012cash,
  title={Cash holdings, risk, and expected returns},
  author={Palazzo, Berardino},
  journal={Journal of Financial Economics},
  volume={104},
  number={1},
  pages={162--185},
  year={2012},
  publisher={Elsevier}
}

@article{d2018flexible,
  title={Flexible prices and leverage},
  author={D’Acunto, Francesco and Liu, Ryan and Pflueger, Carolin and Weber, Michael},
  journal={Journal of Financial Economics},
  volume={129},
  number={1},
  pages={46--68},
  year={2018},
  publisher={Elsevier}
}

@article{hou2011factors,
  title={What factors drive global stock returns?},
  author={Hou, Kewei and Karolyi, G Andrew and Kho, Bong-Chan},
  journal={The Review of Financial Studies},
  volume={24},
  number={8},
  pages={2527--2574},
  year={2011},
  publisher={Oxford University Press}
}

@article{desai2004value,
  title={Value-glamour and accruals mispricing: One anomaly or two?},
  author={Desai, Hemang and Rajgopal, Shivaram and Venkatachalam, Mohan},
  journal={The Accounting Review},
  volume={79},
  number={2},
  pages={355--385},
  year={2004}
}


@article{gorodnichenko2016sticky,
  title={Are sticky prices costly? Evidence from the stock market},
  author={Gorodnichenko, Yuriy and Weber, Michael},
  journal={American Economic Review},
  volume={106},
  number={1},
  pages={165--99},
  year={2016}
}

@article{litzenberger1979effect,
  title={The effect of personal taxes and dividends on capital asset prices: Theory and empirical evidence},
  author={Litzenberger, Robert H and Ramaswamy, Krishna},
  journal={Journal of financial economics},
  volume={7},
  number={2},
  pages={163--195},
  year={1979},
  publisher={Elsevier}
}

@article{basu1983relationship,
  title={The relationship between earnings' yield, market value and return for NYSE common stocks: Further evidence},
  author={Basu, Sanjoy},
  journal={Journal of financial economics},
  volume={12},
  number={1},
  pages={129--156},
  year={1983},
  publisher={Elsevier}
}

@article{ang2006cross,
  title={The cross-section of volatility and expected returns},
  author={Ang, Andrew and Hodrick, Robert J and Xing, Yuhang and Zhang, Xiaoyan},
  journal={The journal of finance},
  volume={61},
  number={1},
  pages={259--299},
  year={2006},
  publisher={Wiley Online Library}
}

@article{cooper2008asset,
  title={Asset growth and the cross-section of stock returns},
  author={Cooper, Michael J and Gulen, Huseyin and Schill, Michael J},
  journal={the Journal of Finance},
  volume={63},
  number={4},
  pages={1609--1651},
  year={2008},
  publisher={Wiley Online Library}
}

@article{lewellen2014cross,
  title={The cross section of expected stock returns},
  author={Lewellen, Jonathan},
  journal={Forthcoming in Critical Finance Review, Tuck School of Business Working Paper},
  number={2511246},
  year={2014}
}

@article{jegadeesh2001profitability,
  title={Profitability of momentum strategies: An evaluation of alternative explanations},
  author={Jegadeesh, Narasimhan and Titman, Sheridan},
  journal={The Journal of finance},
  volume={56},
  number={2},
  pages={699--720},
  year={2001},
  publisher={Wiley Online Library}
}

@article{fama1973risk,
  title={Risk, return, and equilibrium: Empirical tests},
  author={Fama, Eugene F and MacBeth, James D},
  journal={Journal of political economy},
  volume={81},
  number={3},
  pages={607--636},
  year={1973},
  publisher={The University of Chicago Press}
}

@article{pontiff2008share,
  title={Share issuance and cross-sectional returns},
  author={Pontiff, Jeffrey and Woodgate, Artemiza},
  journal={The Journal of Finance},
  volume={63},
  number={2},
  pages={921--945},
  year={2008},
  publisher={Wiley Online Library}
}

@article{hirshleifer2004investors,
  title={Do investors overvalue firms with bloated balance sheets?},
  author={Hirshleifer, David and Hou, Kewei and Teoh, Siew Hong and Zhang, Yinglei},
  journal={Journal of Accounting and Economics},
  volume={38},
  pages={297--331},
  year={2004},
  publisher={Elsevier}
}

@article{novy2011operating,
  title={Operating leverage},
  author={Novy-Marx, Robert},
  journal={Review of Finance},
  volume={15},
  number={1},
  pages={103--134},
  year={2011},
  publisher={Oxford University Press}
}

@article{bustamante2017product,
  title={Product market competition and industry returns},
  author={Bustamante, M Cecilia and Donangelo, Andres},
  journal={The Review of Financial Studies},
  volume={30},
  number={12},
  pages={4216--4266},
  year={2017},
  publisher={Oxford University Press}
}

@article{lyandres2008new,
  title={The new issues puzzle: Testing the investment-based explanation},
  author={Lyandres, Evgeny and Sun, Le and Zhang, Lu},
  journal={The review of financial studies},
  volume={21},
  number={6},
  pages={2825--2855},
  year={2008},
  publisher={Society for Financial Studies}
}

@article{soliman2008use,
  title={The use of DuPont analysis by market participants},
  author={Soliman, Mark T},
  journal={The accounting review},
  volume={83},
  number={3},
  pages={823--853},
  year={2008}
}

@article{ball2015deflating,
  title={Deflating profitability},
  author={Ball, Ray and Gerakos, Joseph and Linnainmaa, Juhani T and Nikolaev, Valeri V},
  journal={Journal of Financial Economics},
  volume={117},
  number={2},
  pages={225--248},
  year={2015},
  publisher={Elsevier}
}

@article{kaldor1966marginal,
  title={Marginal productivity and the macro-economic theories of distribution: Comment on Samuelson and Modigliani},
  author={Kaldor, Nicholas},
  journal={The Review of Economic Studies},
  volume={33},
  number={4},
  pages={309--319},
  year={1966},
  publisher={JSTOR}
}

@article{novy2012momentum,
  title={Is momentum really momentum?},
  author={Novy-Marx, Robert},
  journal={Journal of Financial Economics},
  volume={103},
  number={3},
  pages={429--453},
  year={2012},
  publisher={Elsevier}
}

@article{jegadeesh1993returns,
  title={Returns to buying winners and selling losers: Implications for stock market efficiency},
  author={Jegadeesh, Narasimhan and Titman, Sheridan},
  journal={The Journal of finance},
  volume={48},
  number={1},
  pages={65--91},
  year={1993},
  publisher={Wiley Online Library}
}

@article{de1985does,
  title={Does the stock market overreact?},
  author={De Bondt, Werner FM and Thaler, Richard},
  journal={The Journal of finance},
  volume={40},
  number={3},
  pages={793--805},
  year={1985},
  publisher={Wiley Online Library}
}

@article{george200452,
  title={The 52-week high and momentum investing},
  author={George, Thomas J and Hwang, Chuan-Yang},
  journal={The Journal of Finance},
  volume={59},
  number={5},
  pages={2145--2176},
  year={2004},
  publisher={Wiley Online Library}
}

@article{balakrishnan2010post,
  title={Post loss/profit announcement drift},
  author={Balakrishnan, Karthik and Bartov, Eli and Faurel, Lucile},
  journal={Journal of Accounting and Economics},
  volume={50},
  number={1},
  pages={20--41},
  year={2010},
  publisher={Elsevier}
}

@article{chung2014simple,
  title={A simple approximation of intraday spreads using daily data},
  author={Chung, Kee H and Zhang, Hao},
  journal={Journal of Financial Markets},
  volume={17},
  pages={94--120},
  year={2014},
  publisher={Elsevier}
}

@article{garfinkel2009measuring,
  title={Measuring investors' opinion divergence},
  author={Garfinkel, Jon A},
  journal={Journal of Accounting Research},
  volume={47},
  number={5},
  pages={1317--1348},
  year={2009},
  publisher={Wiley Online Library}
}

@article{datar1998liquidity,
  title={Liquidity and stock returns: An alternative test},
  author={Datar, Vinay T and Naik, Narayan Y and Radcliffe, Robert},
  journal={Journal of financial markets},
  volume={1},
  number={2},
  pages={203--219},
  year={1998},
  publisher={Elsevier}
}

@article{lundberg2018explainable,
  title={Explainable machine-learning predictions for the prevention of hypoxaemia during surgery},
  author={Lundberg, Scott M and Nair, Bala and Vavilala, Monica S and Horibe, Mayumi and Eisses, Michael J and Adams, Trevor and Liston, David E and Low, Daniel King-Wai and Newman, Shu-Fang and Kim, Jerry and others},
  journal={Nature biomedical engineering},
  volume={2},
  number={10},
  pages={749--760},
  year={2018},
  publisher={Nature Publishing Group UK London}
}

@article{lundberg2017unified,
  title={A unified approach to interpreting model predictions},
  author={Lundberg, Scott M and Lee, Su-In},
  journal={Advances in neural information processing systems},
  volume={30},
  year={2017}
}

@article{domingos2012few,
  title={A few useful things to know about machine learning},
  author={Domingos, Pedro},
  journal={Communications of the ACM},
  volume={55},
  number={10},
  pages={78--87},
  year={2012},
  publisher={ACM New York, NY, USA}
}

@inproceedings{nair2010rectified,
  title={Rectified linear units improve restricted boltzmann machines},
  author={Nair, Vinod and Hinton, Geoffrey E},
  booktitle={Proceedings of the 27th international conference on machine learning (ICML-10)},
  pages={807--814},
  year={2010}
}

@inproceedings{smith2017cyclical,
  title={Cyclical learning rates for training neural networks},
  author={Smith, Leslie N},
  booktitle={2017 IEEE winter conference on applications of computer vision (WACV)},
  pages={464--472},
  year={2017},
  organization={IEEE}
}

@article{tian2022comprehensive,
  title={A comprehensive survey on regularization strategies in machine learning},
  author={Tian, Yingjie and Zhang, Yuqi},
  journal={Information Fusion},
  volume={80},
  pages={146--166},
  year={2022},
  publisher={Elsevier}
}

@article{sagi2018ensemble,
  title={Ensemble learning: A survey},
  author={Sagi, Omer and Rokach, Lior},
  journal={Wiley Interdisciplinary Reviews: Data Mining and Knowledge Discovery},
  volume={8},
  number={4},
  pages={e1249},
  year={2018},
  publisher={Wiley Online Library}
}

@inproceedings{ioffe2015batch,
  title={Batch normalization: Accelerating deep network training by reducing internal covariate shift},
  author={Ioffe, Sergey and Szegedy, Christian},
  booktitle={International conference on machine learning},
  pages={448--456},
  year={2015},
  organization={pmlr}
}